@article{RyanDeci2000bSDT,
archivePrefix = {arXiv},
arxivId = {gr-qc/0208024},
author = {Ryan, R.M. and Deci, E.L.},
eprint = {0208024},
institution = {Department of Clinical and Social Sciences in Psychology, University of Rochester, Rochester, NY 14627, USA. ryan@psych.rochester.edu},
issn = {0003-066X},
journal = {The American psychologist},
number = {1},
pages = {68--78},
pmid = {11392867},
primaryClass = {gr-qc},
title = {{Self-determination theory and the facilitation of intrinsic motivation, social development, and well-being.}},
volume = {55},
year = {2000}
}

@book{RyanRigby2011glued,
  title={Glued to games: How video games draw us in and hold us spellbound},
  author={Ryan, R M and Rigby, C S},
  year={2011},
  publisher={Santa Barbara, CA: Praeger}
}


@inproceedings{Baldwin2014DynamicDifficulty,
 author = {Baldwin, Alexander and Johnson, Daniel and Wyeth, Peta A.},
 title = {The Effect of Multiplayer Dynamic Difficulty Adjustment on the Player Experience of Video Games},
 booktitle = {CHI '14 Extended Abstracts on Human Factors in Computing Systems},
 series = {CHI EA '14},
 year = {2014},
 isbn = {978-1-4503-2474-8},
 location = {Toronto, Ontario, Canada},
 pages = {1489--1494},
 numpages = {6},
 url = {http://doi.acm.org/10.1145/2559206.2581285},
 doi = {10.1145/2559206.2581285},
 acmid = {2581285},
 publisher = {ACM},
 address = {New York, NY, USA},
 keywords = {challenge, dda, dynamic difficulty adjustment, mdda, player experience, video games},
}

@techreport{NPD2014Report,
author = {NPD Group},
title = {Core Gaming 2014 Snapshot Report},
institution = {NPD Group},
month = {April},
year  = {2014},
pages = {2-3},
address = {\url{https://www.npd.com/lps/pdf/core-gaming-snapshot-report.pdf}},
note = {[Online; accessed 10-March-2015]}
}

@PhdThesis{Quick2013ModelingEnjoyment,
author = {Quick, John},
title = {Modeling Gameplay Enjoyment through Feature Preferences,
Goal Orientations, Usage, and Gender},
school = {Arizona State University},
year = {2013}
}

@MastersThesis{Dennie2012AutonomyMotivation,
author = {Dennie, Trevor M.},
title = {Perception of autonomy and its effect on intrinsic motivation, immersion, and performance},
school = {Western Carolina University},
year = {2012}
}

@incollection{Ryan2000Rewards,
title = "When rewards compete with nature: The undermining of intrinsic motivation and Self-Regulation ",
editor = "Harackiewicz, Carol SansoneJudith M. ",
booktitle = "Intrinsic and Extrinsic Motivation ",
publisher = "Academic Press",
edition = "",
address = "San Diego",
year = "2000",
pages = "13 - 54",
chapter = {2},
series = "Educational Psychology",
issn = "18716148",
doi = "http://dx.doi.org/10.1016/B978-012619070-0/50024-6",
url = "http://www.sciencedirect.com/science/article/pii/B9780126190700500246",
author = "Richard M. Ryan and Edward L. Deci"
}


@Unpublished{McNamara2010PointsFeedback,
author = {Natalie L. Davis and G. Tanner Jackson and Danielle S. McNamara},
title = {Game-based features: Not a cure-all band-aid for learning and motivation},
note = {\url{"ftp://129.219.222.66/pdf/Davis_Jackson_McNamara.pdf"}},
year = {2010}
}


@Misc{unityGame,
author = {Unity Technologies},
title = {Survival Shooter - Unity Essentials / Sample Projects},
address = {\url{https://www.assetstore.unity3d.com/en/#!/content/21028}},
year = {2014},
note = {[Online; accessed September-2014]}
}